01REMESSA01COBRANCA       AG.CE06446222Q-SYS INFORMATICA LTDA        038BANESTADO25/04/9701600BPI                                                                                                                                                                                                                                                                                              000001           
10200000000000000       prefixo agencia cedente(5)0644622                         1          D18          20/03/9700010000000000000101/03/97julio vai ver0000000000  /  /  00000000000000000000000200001175483915LADISLAU TEODORO LYSIK                  RUA: FLORIANOPOLIS, 67                              85856120FOZ DO IGUACU  PR                                           000002                         
10200000000000000       prefixo agencia cedente(5)0644622                         1          D18222222222201/04/9700001252000000000101/03/97julio vai ver000001502410/04/9700000125200000000000000280557416000144A A SOLITEC CONSTRUTORA E EMPREENDIMENTORUA: MARIANO TORRES, 813                            80060120CURITIBA       PR                                           000003                         
10200000000000000       prefixo agencia cedente(5)0644622                         1          D18555555555501/04/9700002522000000000101/03/97julio vai ver000002522001/05/9700000252200000000000000292127026000113A A DESENTUPIDORA DINAMICA LTDA         RUA: TENENTE ARY TARRAGO, 253 - ALTO PET            91225000PORTO ALEGRE   RS                                           000004                         
10200000000000000       prefixo agencia cedente(5)0644622                         1          D18555555555501/04/9700012521000000000101/03/97julio vai ver000012521010/05/9700001502520000000000000200928650000100A M MANTAGEM DE ESTRUTURAS DE FERRO LTDARUA: JOAO MILANEZ, 455                              88804710CRICIUMA       SC                                           000005                         
10200000000000000       prefixo agencia cedente(5)0644622                         1          D18556546456401/05/9700005646000000000101/03/97julio vai ver000005646010/05/9700000564600000000000000276628114000142ADOBE ADMINISTRACAO DE OBRAS E EMPREEDIMRUA: MATO GROSSO, 101                               80620070CURITIBA       PR                                           000006                         
10200000000000000       prefixo agencia cedente(5)0644622                         1          D18111111111125/05/9700010000000000000101/03/97julio vai ver000010000025/06/9700000100000000000000000200027156346091ABRILINO DUTRA                          RUA: B, 70                                          91540020PORTO ALEGRE   RS                                           000007                         
900000006000004194100                                                                                                                                                                                                                                                                                                                                                                                   000008  
