01REMESSA01COBRANCA       AG.CE06446222Q-SYS INFORMATICA LTDA        038BANESTADO29/04/9701600BPI                                                                                                                                                                                                                                                                                              000001           
10200000000000000       prefixo agencia cedente(5)0644622                         1          510212       29/05/97000020000000000001290497julio vai ver0000024000      00000200000000000000000280517162000130A F G CONSTRUCOES CIVIS LTDA            RUA: BUENO AIRES, 441 13* ANDAR CONJ.135            80250070CURITIBA       PR                                           000002                             
900000001000000200000                                                                                                                                                                                                                                                                                                                                                                                   000003  
